%% ================ React ================ %%

@online{React,
  author = {Facebook},
  url = {https://reactjs.org},
  title = {{React} A JavaScript library for building user interfaces},
  date = 2014,
  urldate = {2019-01-10}
}

@video{ReactFoundingVideo,
 author={Pete Hunt},
 title={Pete Hunt | TXJS 2015},
 howpublished={Youtube},
 year={2015},
 month={6},
 note={Pete Hunt talking about React and when it was founded},
 hyphenation={english},
 keywords={React},
 url={https://www.youtube.com/watch?v=A0Kj49z6WdM}
}

%% ================ D3 ================ %%

@software{D3Github,
  author = {Mike Bostock},
  url = {https://github.com/d3},
  title = {{D3} Data Driven Documents},
  date = 2011,
  urldate = {2019-01-10},
  version = {5}
}

@online{D3Website,
  author = {Mike Bostock},
  url = {https://d3js.org},
  title = {{D3} Data Driven Documents},
  date = 2011,
  urldate = {2019-01-10},
  version = {5}
}

@online{D3Examples,
  author = {Mike Bostock},
  url = {https://bl.ocks.org/mbostock},
  title = {{D3} Data Driven Documents},
  date = 2011,
  urldate = {2019-01-10},
  version = {5}
}

%% ================ Misc ================ %%

@software{UberVisForce,
  author = {Uber},
  url = {https://github.com/uber/react-vis-force},
  title = {{UberVisForce} d3-force graphs as React Components},
  urldate = {2019-01-10}
}

@online{RAF,
  author = {Mozilla Foundation},
  url = {https://developer.mozilla.org/en-US/docs/Web/API/window/requestAnimationFrame},
  title = {{Mozilla} Request Animation Frame},
  urldate = {2019-01-25}
}

@software{ImmutableJS,
  author = {Lee Byron},
  url = {https://github.com/immutable-js/immutable-js},
  title = {{Immutable} Immutable collections for JavaScript},
  urldate = {2019-05-02},
  version = {3.8.2}
}

@software{Babel,
  author = {Babel},
  url = {https://babeljs.io/},
  title = {{Babel} Babel is a JavaScript compiler},
  urldate = {2019-05-02},
  version = {7}
}

@software{ReactRenderCycleGithub,
  author={Wojciech Maj},
  url={https://github.com/wojtekmaj/react-lifecycle-methods-diagram},
  title={{React} Lifecycle Methods diagram},
  urldate={2019-05-10},
  version={1}
}

@online{ReactRenderCycleDiagram,
  author={Wojciech Maj},
  url={http://projects.wojtekmaj.pl/react-lifecycle-methods-diagram/},
  title={{React} lifecycle methods diagram},
  urldate={2019-05-10},
  version={1}
} 

@online{ReactCycleTweet,
  author={Dan Abramov},
  url={https://twitter.com/dan_abramov/status/981712092611989509},
  title={{Twitter Post:} I just made this diagram of modern React lifecycle methods. Hope youâ€™ll find it helpful!},
  urldate={2019-05-10},
}

@software{ReactMove,
  author={Steve Hall},
  url={https://github.com/react-tools/react-move},
  title={{React Move} Beautiful, data-driven animations for React},
  urldate={2019-05-29},
  version={5.2.1}
}

@software{SeedRandom,
  author={David Bau},
  url={https://github.com/davidbau/seedrandom},
  title={seeded random number generator for Javascript},
  urldate={2019-05-30},
  version={3.0.1}
}

@software{ReactStorybook,
  author={storybookjs},
  url={https://github.com/storybookjs/storybook},
  title={UI component dev \& test: React, Vue, Angular, React Native, Ember, Web Components \& more!},
  urldate={2019-06-03},
  version={5.1.0}
}

%% ================ Theses ================ %%

@inproceedings{lloyd1994practical,
  title={Practical Advtanages of Declarative Programming.},
  author={Lloyd, John W},
  booktitle={GULP-PRODE (1)},
  pages={18--30},
  year={1994}
}

%% ================ Books ================ %%

@book{prgLngDesignImpl,
   title =     {Programming Languages: Design and Implementation (4th Edition)},
   author =    {Terrence W. Pratt, Marvin V. Zelkowitz},
   publisher = {Prentice Hall},
   isbn =      {0130276782,9780130276780},
   year =      {2000},
   edition =   {4th},
}

@book{prgLngConcepts,
   title =     {Concepts of programming languages},
   author =    {Robert W. Sebesta},
   publisher = {Addison Wesley},
   isbn =      {9780321330253,0321330250},
   year =      {2005},
   edition =   {7},
}